@article{Sitarska2020,
author = {Sitarska, Ewa and Diz-Mu{\~{n}}oz, Alba},
doi = {10.1016/j.ceb.2020.04.001},
file = {:C\:/Users/mitch/Google Drive/Lab/Mendeley/j.ceb.2020.04.001.pdf:pdf},
issn = {18790410},
journal = {Current Opinion in Cell Biology},
keywords = {Cell migration,Cell surface mechanics,Membrane curvature,Membrane flow and propagation,Membrane tension,Membrane-to-cortex attachment},
pages = {11--18},
pmid = {32416466},
publisher = {Elsevier Ltd},
title = {{Pay attention to membrane tension: Mechanobiology of the cell surface}},
url = {https://doi.org/10.1016/j.ceb.2020.04.001},
volume = {66},
year = {2020}
}

@article{Somersalo2004,
author = {Somersalo, Kristina and Anikeeva, Nadja and Sims, Tasha N. and Thomas, V. Kaye and Strong, Roland K. and Spies, Thomas and Lebedeva, Tatiana and Sykulev, Yuri and Dustin, Michael L.},
doi = {10.1172/JCI19337},
file = {:C\:/Users/mitch/Google Drive/Lab/Mendeley/JCI0419337.pdf:pdf},
issn = {00219738},
journal = {Journal of Clinical Investigation},
number = {1},
pages = {49--57},
pmid = {14702108},
title = {{Cytotoxic T lymphocytes form an antigen-independent ring junction}},
volume = {113},
year = {2004}
}

@article{Jenkins2014,
author = {Jenkins, Misty R. and Stinchcombe, Jane C. and Au-Yeung, Byron B. and Asano, Yukako and Ritter, Alex T. and Weiss, Arthur and Griffiths, Gillian M.},
doi = {10.7554/eLife.01310},
file = {:C\:/Users/mitch/Desktop/elife-01310-v1.pdf:pdf},
issn = {2050084X},
journal = {eLife},
number = {3},
pages = {1--21},
pmid = {24596147},
title = {{Distinct structural and catalytic roles for Zap70 in formation of the immunological synapse in CTL}},
volume = {2014},
year = {2014}
}

@article{DeLaRoche2013,
author = {{De La Roche}, Maike and Ritter, Alex T. and Angus, Karen L. and Dinsmore, Colin and Earnshaw, Charles H. and Reiter, Jeremy F. and Griffiths, Gillian M.},
doi = {10.1126/science.1244689},
file = {:C\:/Users/mitch/Google Drive/Lab/Mendeley/science.1244689.pdf:pdf},
issn = {10959203},
journal = {Science},
number = {6163},
pages = {1247--1250},
title = {{Hedgehog signaling controls T cell killing at the immunological synapse}},
volume = {342},
year = {2013}
}

@article{Tsun2011,
author = {Tsun, Andy and Qureshi, Ihjaaz and Stinchcombe, Jane C. and Jenkins, Misty R. and {De La Roche}, Maike and Kleczkowska, Joanna and Zamoyska, Rose and Griffiths, Gillian M.},
doi = {10.1083/jcb.201008140},
file = {:C\:/Users/mitch/Google Drive/Lab/Mendeley/jcb.201008140.pdf:pdf},
issn = {00219525},
journal = {Journal of Cell Biology},
number = {4},
pages = {663--674},
pmid = {21339332},
title = {{Centrosome docking at the immunological synapse is controlled by Lck signaling}},
volume = {192},
year = {2011}
}

@article{Tamzalit2020,
author = {Tamzalit, Fella and Tran, Diana and Jin, Weiyang and Boyko, Vitaly and Bazzi, Hisham and Kepecs, Ariella and Kam, Lance C. and Anderson, Kathryn V. and Huse, Morgan},
doi = {10.1073/PNAS.1913220117},
file = {:C\:/Users/mitch/Google Drive/Lab/Mendeley/Tamzalit et al. - 2020 - Centrioles control the capacity, but not the specificity, of cytotoxic T cell killing.pdf:pdf},
issn = {10916490},
journal = {Proceedings of the National Academy of Sciences of the United States of America},
keywords = {Centriole,Centrosome,Cytotoxicity,Microtubule,T cell},
month = {feb},
number = {8},
pages = {4310--4319},
pmid = {32041868},
publisher = {National Academy of Sciences},
title = {{Centrioles control the capacity, but not the specificity, of cytotoxic T cell killing}},
url = {https://www.mendeley.com/catalogue/5f63a6d2-0d9d-3697-bf14-8151b81c8618/?utm_source=desktop&utm_medium=1.19.8&utm_campaign=open_catalog&userDocumentId=%7Befe412fd-9755-4f88-8f2c-d702306fbdd3%7D},
volume = {117},
year = {2020}
}

@article{Pihan2013,
author = {Pihan, German A.},
doi = {10.3389/fonc.2013.00277},
file = {:C\:/Users/mitch/Desktop/fonc-03-00277.pdf:pdf},
issn = {2234943X},
journal = {Frontiers in Oncology},
keywords = {Aneuploidy,CIN,Centriole,Centrosome,Chromoanagenesis,Chromothripsis,Micronuclei,Mitosis},
number = {November},
pages = {1--26},
title = {{Centrosome dysfunction contributes to chromosome instability, chromoanagenesis, and genome reprograming in cancer}},
volume = {3 NOV},
year = {2013}
}

@article{Bettencourt-Dias2007,
author = {Bettencourt-Dias, M{\'{o}}nica and Glover, David M.},
doi = {10.1038/nrm2180},
file = {:C\:/Users/mitch/Google Drive/Lab/Mendeley/nrm2180.pdf:pdf},
issn = {14710072},
journal = {Nature Reviews Molecular Cell Biology},
number = {6},
pages = {451--463},
pmid = {17505520},
title = {{Centrosome biogenesis and function: Centrosomics brings new understanding}},
volume = {8},
year = {2007}
}

@article{Walling2018,
author = {Walling, Brandon L. and Kim, Minsoo},
doi = {10.3389/fimmu.2018.00952},
file = {:C$\backslash$:/Users/mitch/AppData/Local/Mendeley Ltd./Mendeley Desktop/Downloaded/Walling, Kim - 2018 - LFA-1 in T cell migration and differentiation.pdf:pdf},
issn = {16643224},
journal = {Frontiers in Immunology},
keywords = {Chemokines,Integrins,LFA-1,T cell activation,T cell differentiation,T cell migration},
number = {MAY},
title = {{LFA-1 in T cell migration and differentiation}},
volume = {9},
year = {2018}
}

@article{Comrie2015_2,
author = {Comrie, William A. and Babich, Alexander and Burkhardt, Janis K.},
doi = {10.1083/jcb.201406121},
file = {:C$\backslash$:/Users/mitch/Google Drive/Lab/Mendeley/475.full.pdf:pdf},
issn = {15408140},
journal = {Journal of Cell Biology},
number = {4},
pages = {475--491},
title = {{F-actin flow drives affinity maturation and spatial organization of LFA-1 at the immunological synapse}},
volume = {208},
year = {2015}
}

@article{Rudd-schmidt,
author = {Rudd-schmidt, Jesse A and Hodel, Adrian W and Noori, Tahereh and Lopez, Jamie A and Cho, Hyun-jung and Verschoor, Sandra and Ciccone, Annette and Trapani, Joseph A and Hoogenboom, Bart W},
doi = {10.1038/s41467-019-13385-x},
file = {:C$\backslash$:/Users/mitch/Google Drive/Lab/Mendeley/s41467-019-13385-x.pdf:pdf},
issn = {2041-1723},
journal = {Nature Communications},
number = {2019},
pages = {1--13},
publisher = {Springer US},
title = {{Lipid order and charge protect killer T cells from accidental death}},
url = {http://dx.doi.org/10.1038/s41467-019-13385-x},
year = {2019}
}

@article{Balaji2002,
author = {Balaji, Kithiganahalli N and Schaschke, Norbert and Machleidt, Werner and Catalfamo, Marta and Henkart, Pierre A},
doi = {10.1084/jem.20011836},
file = {:C$\backslash$:/Users/mitch/Google Drive/Lab/Mendeley/jem.20011836.pdf:pdf},
keywords = {ctl,cytotoxicity,exocytosis,granule,protease},
number = {4},
title = {{Surface Cathepsin B Protects Cytotoxic Lymphocytes from Self-destruction after Degranulation}},
volume = {196},
year = {2002}
}

@article{Lopez2013,
doi = {10.4049/jimmunol.1301205},
file = {:C$\backslash$:/Users/mitch/AppData/Local/Mendeley Ltd./Mendeley Desktop/Downloaded/Lopez et al. - 2013 - Rapid and unidirectional perforin pore delivery at the cytotoxic immune synapse(2).pdf:pdf},
isbn = {0022-1767},
issn = {1550-6606},
journal = {Journal of iImunology},
keywords = {Animals,Cell Degranulation,Cell Degranulation: immunology,Cells,Confocal,Confocal: methods,Cultured,Cytotoxic,Cytotoxic: immunology,Cytotoxic: metabolism,Humans,Immunological Synapses,Immunological Synapses: immunology,Immunological Synapses: metabolism,Killer Cells,Mice,Microscopy,Natural,Natural: immunology,Natural: metabolism,Perforin,Perforin: immunology,T-Lymphocytes},
number = {5},
pages = {2328--34},
pmid = {23885110},
title = {{Rapid and unidirectional perforin pore delivery at the cytotoxic immune synapse.}},
url = {http://www.ncbi.nlm.nih.gov/pubmed/23885110},
volume = {191},
year = {2013}
}

@article{Kurowska2016,
author = {Kurowska, Mathieu and Goudin, Nicolas and Nehme, Nadine T and Court, Magali},
doi = {10.1182/blood-2011-09-382556.},
file = {:C$\backslash$:/Users/mitch/Google Drive/Lab/Mendeley/blood-2011-09-382556.pdf:pdf},
number = {17},
pages = {4--6},
title = {{Terminal transport of lytic granules to the immune synapse is mediated by the kinesin-1 / Slp3 / Rab27a complex}},
volume = {119},
year = {2016}
}

@article{Comrie2015,
author = {Comrie, William A and Li, Shuixing and Boyle, Sarah and Burkhardt, Janis K},
doi = {10.1083/jcb.201406120},
file = {:C$\backslash$:/Users/mitch/Google Drive/Lab/Mendeley/jcb.201406120.pdf:pdf},
title = {{The dendritic cell cytoskeleton promotes T cell adhesion and activation by constraining ICAM-1 mobility}},
year = {2015}
}

@article{Capece2017,
author = {Capece, Tara and Walling, Brandon L. and Lim, Kihong and Kim, Kyun Do and Bae, Seyeon and Chung, Hung Li and Topham, David J. and Kim, Minsoo},
doi = {10.1083/jcb.201609072},
file = {:C$\backslash$:/Users/mitch/AppData/Local/Mendeley Ltd./Mendeley Desktop/Downloaded/Capece et al. - 2017 - A novel intracellular pool of LFA-1 is critical for asymmetric CD8 T cell activation and differentiation.pdf:pdf},
issn = {15408140},
journal = {Journal of Cell Biology},
number = {11},
pages = {3817--3829},
title = {{A novel intracellular pool of LFA-1 is critical for asymmetric CD8+ T cell activation and differentiation}},
volume = {216},
year = {2017}
}

@article{Chen2010,
author = {Chen, Wei and Lou, Jizhong and Zhu, Cheng},
doi = {10.1074/jbc.M110.155770},
file = {:C$\backslash$:/Users/mitch/Google Drive/Lab/Mendeley/PIIS0021925820469352.pdf:pdf},
issn = {0021-9258},
journal = {Journal of Biological Chemistry},
keywords = {Affinity Regulation,Allostery,Catch Bond,Cell Adhesion,Conformational Change,Integrin,Kinetics,Mechanochemistry,Protein Conformation,Single Molecule Biophysics},
number = {46},
pages = {35967--35978},
publisher = {{\^{A}}{\textcopyright} 2010 ASBMB. Currently published by Elsevier Inc; originally published by American Society for Biochemistry and Molecular Biology.},
title = {{Forcing Switch from Short- to Intermediate- and Long-lived States of the A Domain Generates LFA-1 / ICAM-1 Catch Bonds}},
url = {http://dx.doi.org/10.1074/jbc.M110.155770},
volume = {285},
year = {2010}
}

@article{Houmadi2018,
author = {Houmadi, Ra{\"{i}}ssa and Guipouy, Delphine and Rey-Barroso, Javier and Vasconcelos, Zilton and Cornet, Julie and Manghi, Manoel and Destainville, Nicolas and Valitutti, Salvatore and Allart, Sophie and Dupr{\'{e}}, Lo{\"{i}}c},
doi = {10.1016/j.celrep.2017.12.088},
file = {:C$\backslash$:/Users/mitch/Google Drive/Lab/Mendeley/1-s2.0-S2211124717319253-main.pdf:pdf},
issn = {22111247},
journal = {Cell Reports},
keywords = {LFA-1,Wiskott-Aldrich syndrome protein,actin cytoskeleton,cytotoxic T lymphocytes,immunological synapse,lytic granules,super-resolution microscopy},
number = {4},
pages = {979--991},
pmid = {29386139},
title = {{The Wiskott-Aldrich Syndrome Protein Contributes to the Assembly of the LFA-1 Nanocluster Belt at the Lytic Synapse}},
volume = {22},
year = {2018}
}

@article{Sun2016,
author = {Sun, Zhiqi and Guo, Shengzhen S and F{\"{a}}ssler, Reinhard},
file = {:C$\backslash$:/Users/mitch/Google Drive/Lab/Mendeley/JCB{\_}201609037.pdf:pdf},
number = {4},
title = {{Integrin-mediated mechanotransduction}},
volume = {215},
year = {2016}
}

@article{Connor2012,
author = {Connor, Roddy S O and Hao, Xueli and Shen, Keyue and Akimova, Tatiana and Hancock, Wayne W and Lance, C and Milone, Michael C},
doi = {10.4049/jimmunol.1102757},
file = {:C$\backslash$:/Users/mitch/Google Drive/Lab/Mendeley/1330.full.pdf:pdf},
title = {{Substrate Rigidity Regulates Human T Cell Activation and Proliferation}},
year = {2012}
}

@article{Bashour2014,
author = {Bashour, Keenan T and Gondarenko, Alexander and Chen, Haoqian and Shen, Keyue and Liu, Xin and Huse, Morgan and Hone, James C},
doi = {10.1073/pnas.1315606111},
file = {:C$\backslash$:/Users/mitch/Google Drive/Lab/Mendeley/2241.full.pdf:pdf},
number = {6},
pages = {2241--2246},
title = {{CD28 and CD3 have complementary roles in T-cell traction forces}},
volume = {111},
year = {2014}
}

@article{Huse,
author = {Tello-Lafoz, Maria and de Jesus, Miguel M. and Huse, Morgan},
file = {:C$\backslash$:/Users/mitch/Google Drive/Lab/Mendeley/TREIMM-D-21-00175{\_}R1 copy.pdf:pdf},
keywords = {corresponding author},
title = {{Harder , better , faster , stronger : biochemistry and biophysics in the immunosurveillance concert}},
year = {2022}
}

@article{Iliff2018,
author = {Iliff, Adam J and Xu, X Z Shawn},
doi = {10.1016/j.cell.2018.04.001},
file = {:C$\backslash$:/Users/mitch/Google Drive/Lab/Mendeley/PIIS0092867418304549.pdf:pdf},
issn = {0092-8674},
journal = {Cell},
number = {3},
pages = {542--544},
publisher = {Elsevier Inc.},
title = {{A Mechanosensitive GPCR that Detects the Bloody Force}},
url = {https://doi.org/10.1016/j.cell.2018.04.001},
volume = {173},
year = {2018}
}

@article{Moroni,
author = {Moroni, Mirko and Servin-vences, M Rocio and Fleischer, Raluca and Lewin, Gary R},
doi = {10.1038/s41467-018-03502-7},
file = {:C$\backslash$:/Users/mitch/Google Drive/Lab/Mendeley/s41467-018-03502-7.pdf:pdf},
number = {2018},
pages = {1--15},
title = {{Voltage gating of mechanosensitive PIEZO channels}},
year = {2018}
}

@article{Kim2018,
author = {Kim, Hye Ran and Mun, Ye Vin and Lee, Kyung Sik and Park, Yoo Jin and Park, Jeong Su and Park, Jin Hwa and Jeon, Bu Nam and Kim, Chang Hyun and Jun, Youngsoo and Hyun, Young Min and Kim, Minsoo and Lee, Sang Myeong and Park, Chul Seung and Im, Sin Hyeog and Jun, Chang Duk},
doi = {10.1038/s41467-018-06090-8},
file = {:C$\backslash$:/Users/mitch/Google Drive/Lab/Mendeley/Jun{\_}Tcell{\_}microvilli{\_}synaptosomes.pdf:pdf},
issn = {20411723},
journal = {Nature Communications},
number = {1},
title = {{T cell microvilli constitute immunological synaptosomes that carry messages to antigen-presenting cells}},
volume = {9},
year = {2018}
}

@article{Jin2019,
author = {Jin, Weiyang and Tamzalit, Fella and Chaudhuri, Parthiv Kant and Black, Charles T. and Huse, Morgan and Kam, Lance C.},
doi = {10.1073/pnas.1906986116},
file = {:C$\backslash$:/Users/mitch/Google Drive/Lab/Mendeley/19835.full (1).pdf:pdf},
issn = {10916490},
journal = {Proceedings of the National Academy of Sciences of the United States of America},
keywords = {Mechanobiology,Microstructure,T cell},
number = {40},
pages = {19835--19840},
pmid = {31527238},
title = {{T cell activation and immune synapse organization respond to the microscale mechanics of structured surfaces}},
volume = {116},
year = {2019}
}

@article{Johnson2000,
author = {Johnson, Kenneth G. and Bromley, Shannon K. and Dustin, Michael L. and Thomas, Matthew L.},
doi = {10.1073/pnas.97.18.10138},
file = {:C$\backslash$:/Users/mitch/Google Drive/Lab/Mendeley/pnas.97.18.10138.pdf:pdf},
issn = {00278424},
journal = {Proceedings of the National Academy of Sciences of the United States of America},
number = {18},
pages = {10138--10143},
pmid = {10963676},
title = {{A supramolecular basis for CD45 tyrosine phosphatase regulation in sustained T cell activation}},
volume = {97},
year = {2000}
}

@article{Tseng2008,
author = {Tseng, Su-Yi and Waite, Janelle C. and Liu, Mengling and Vardhana, Santosha and Dustin, Michael L.},
doi = {10.4049/jimmunol.181.7.4852},
file = {:C$\backslash$:/Users/mitch/Google Drive/Lab/Mendeley/4852.full.pdf:pdf},
issn = {0022-1767},
journal = {The Journal of Immunology},
number = {7},
pages = {4852--4863},
pmid = {18802089},
title = {{T Cell-Dendritic Cell Immunological Synapses Contain TCR-dependent CD28-CD80 Clusters That Recruit Protein Kinase C$\theta$}},
volume = {181},
year = {2008}
}

@article{Monks1998,
author = {Monks, Colin R.F. and Freiberg, Benjamin A. and Kupfer, Hannah and Sciaky, Noah and Kupfer, Abraham},
doi = {10.1038/25764},
file = {:C$\backslash$:/Users/mitch/Google Drive/Lab/Mendeley/25764.pdf:pdf},
issn = {00280836},
journal = {Nature},
number = {6697},
pages = {82--86},
pmid = {9738502},
title = {{Three-dimensional segregation of supramolecular activation clusters in T cells}},
volume = {395},
year = {1998}
}

@article{Weston2012,
author = {Weston, Louise and Coutts, Amanda S. and {La Thangu{\'{e}}}, Nicholas B.},
doi = {10.1242/jcs.099523},
file = {:C$\backslash$:/Users/mitch/Google Drive/Lab/Mendeley/jcs.099523.pdf:pdf},
issn = {00219533},
journal = {Journal of Cell Science},
keywords = {Actin,Nucleation,Nucleus},
number = {15},
pages = {3519--3527},
pmid = {22935654},
title = {{Actin nucleators in the nucleus: An emerging theme}},
volume = {125},
year = {2012}
}

@article{Abe2000,
author = {Abe, Karon and Rossman, Kent L. and Liu, Betty and Ritola, Kimberly D. and Chiang, Derek and Campbell, Sharon L. and Burridge, Keith and Der, Channing J.},
doi = {10.1074/jbc.275.14.10141},
file = {:C$\backslash$:/Users/mitch/Google Drive/Lab/Mendeley/PIIS0021925819898915.pdf:pdf},
issn = {00219258},
journal = {Journal of Biological Chemistry},
number = {14},
pages = {10141--10149},
pmid = {10744696},
publisher = {{\^{A}}{\textcopyright} 2000 ASBMB. Currently published by Elsevier Inc; originally published by American Society for Biochemistry and Molecular Biology.},
title = {{Vav2 is an activator of Cdc42, Rac1, and RhoA}},
url = {http://dx.doi.org/10.1074/jbc.275.14.10141},
volume = {275},
year = {2000}
}

@article{KennethE.PrehodaJessicaA.ScottR.DycheMullins2000,
author = {{Kenneth E. Prehoda, Jessica A. Scott, R. Dyche Mullins}, Wendell A. Lim},
file = {:C$\backslash$:/Users/mitch/Google Drive/Lab/Mendeley/science.290.5492.801.pdf:pdf},
journal = {Integration of Multiple Signals Through Cooperative Regulation of the N-WASP-Arp213 Complex},
number = {October},
title = {{Integration of Multiple Signals Through Cooperative Regulation of the N-WASP-Arp2/3 Complex}},
volume = {45},
year = {2000}
}

@article{Derivery2010,
author = {Derivery, Emmanuel and Gautreau, Alexis},
doi = {10.1002/bies.200900123},
file = {:C$\backslash$:/Users/mitch/Google Drive/Lab/Mendeley/bies.200900123.pdf:pdf},
issn = {02659247},
journal = {BioEssays},
keywords = {Actin polymerization,Arp2/3 complex,Molecular machines,Nucleation promoting factors},
number = {2},
pages = {119--131},
pmid = {20091750},
title = {{Generation of branched actin networks: Assembly and regulation of the N-WASP and WAVE molecular machines}},
volume = {32},
year = {2010}
}


@article{LeFloch2013,
author = {{Le Floc'h}, Audrey and Tanaka, Yoshihiko and Bantilan, Niels S and Voisinne, Guillaume and Altan-Bonnet, Gr{\'{e}}goire and Fukui, Yoshinori and Huse, Morgan},
doi = {10.1084/jem.20131324},
file = {:C$\backslash$:/Users/mitch/Google Drive/Lab/Mendeley/Le Floc'h et al. - 2013 - Annular PIP3 accumulation controls actin architecture and modulates cytotoxicity at the immunological synapse.pdf:pdf},
isbn = {1540-9538 (Electronic) 0022-1007 (Linking)},
issn = {1540-9538},
journal = {The Journal of experimental medicine},
keywords = {Actins,Actins: metabolism,Adaptor Proteins, Signal Transducing,Adaptor Proteins, Signal Transducing: metabolism,Animals,Cytotoxicity, Immunologic,GTPase-Activating Proteins,GTPase-Activating Proteins: deficiency,GTPase-Activating Proteins: genetics,GTPase-Activating Proteins: metabolism,Immunological Synapses,Immunological Synapses: metabolism,Mice,Mice, Knockout,Mice, Transgenic,Phosphatidylinositol 3-Kinases,Phosphatidylinositol 3-Kinases: metabolism,Phosphatidylinositol Phosphates,Phosphatidylinositol Phosphates: metabolism,Signal Transduction,Synaptic Membranes,Synaptic Membranes: immunology,Synaptic Membranes: metabolism,T-Lymphocytes, Cytotoxic,T-Lymphocytes, Cytotoxic: immunology,T-Lymphocytes, Cytotoxic: metabolism,rac GTP-Binding Proteins,rac GTP-Binding Proteins: metabolism},
number = {12},
pages = {2721--37},
pmid = {24190432},
title = {{Annular PIP3 accumulation controls actin architecture and modulates cytotoxicity at the immunological synapse.}},
url = {http://www.pubmedcentral.nih.gov/articlerender.fcgi?artid=3832928{\&}tool=pmcentrez{\&}rendertype=abstract},
volume = {210},
year = {2013}
}


@article{Jankowska2018,
author = {Jankowska, Katarzyna I. and Williamson, Edward K. and Roy, Nathan H. and Blumenthal, Daniel and Chandra, Vidhi and Baumgart, Tobias and Burkhardt, Janis K.},
doi = {10.3389/fimmu.2018.00025},
file = {:C$\backslash$:/Users/mitch/AppData/Local/Mendeley Ltd./Mendeley Desktop/Downloaded/Jankowska et al. - 2018 - Integrins modulate T cell receptor signaling by constraining actin flow at the immunological synapse.pdf:pdf},
issn = {16643224},
journal = {Frontiers in Immunology},
keywords = {Actin,Costimulation,Immunological synapse,Integrin,Signaling,T cell,Talin,Vinculin},
number = {JAN},
pages = {1--19},
title = {{Integrins modulate T cell receptor signaling by constraining actin flow at the immunological synapse}},
volume = {9},
year = {2018}
}


@article{Tello-lafoz2021,
author = {Tello-lafoz, Maria and Srpan, Katja and Sanchez, Elisa E and Massague, Joan},
doi = {10.1016/j.immuni.2021.02.020},
file = {:C$\backslash$:/Users/mitch/Documents/Mendeley (Windows place holder, to be transferred to Mac)/mmc9.pdf:pdf},
pages = {1--18},
title = {{Cytotoxic lymphocytes target characteristic biophysical vulnerabilities in cancer}},
year = {2021}
}

@article{MaximeDhainaut2021,
author = {{Maxime Dhainaut}},
file = {:C$\backslash$:/Users/mitch/Google Drive/Lab/Mendeley/2021.07.13.451021v1.full.pdf:pdf},
title = {{Perturb-map enables CRISPR genomics with spatial resolution and identifies regulators of tumor immune composition}},
year = {2021}
}

@article{Wroblewska2018,
author = {Wroblewska, Aleksandra and Dhainaut, Maxime and Ben-Zvi, Benjamin and Rose, Samuel A. and Park, Eun Sook and Amir, El Ad David and Bektesevic, Anela and Baccarini, Alessia and Merad, Miriam and Rahman, Adeeb H. and Brown, Brian D.},
doi = {10.1016/j.cell.2018.09.022},
file = {:C$\backslash$:/Users/mitch/Google Drive/Lab/Mendeley/1-s2.0-S0092867418312340-main.pdf:pdf},
issn = {10974172},
journal = {Cell},
keywords = {CRISPR,T cells,cancer,functional genomics,interferon gamma pathway,mass cytometry,pooled screen,protein barcodes,single cell analysis,tumor immunology},
number = {4},
pages = {1141--1155.e16},
pmid = {30343902},
publisher = {Elsevier Inc.},
title = {{Protein Barcodes Enable High-Dimensional Single-Cell CRISPR Screens}},
url = {https://doi.org/10.1016/j.cell.2018.09.022},
volume = {175},
year = {2018}
}

@article{Vorselen2020,
author = {Vorselen, Daan and Wang, Yifan and de Jesus, Miguel M. and Shah, Pavak K. and Footer, Matthew J. and Huse, Morgan and Cai, Wei and Theriot, Julie A.},
doi = {10.1038/s41467-019-13804-z},
file = {:C$\backslash$:/Users/mitch/Documents/Mendeley (Windows place holder, to be transferred to Mac)/2020 NatComm Daan.pdf:pdf},
issn = {20411723},
journal = {Nature Communications},
number = {1},
pmid = {31911639},
publisher = {Springer US},
title = {{Microparticle traction force microscopy reveals subcellular force exertion patterns in immune cell–target interactions}},
url = {http://dx.doi.org/10.1038/s41467-019-13804-z},
volume = {11},
year = {2020}
}


@article{Verron2021,
author = {Verron, Quentin and Forslund, Elin and Brandt, Ludwig and Leino, Mattias and Frisk, Thomas W. and Olofsson, Per E. and {\"{O}}nfelt, Bj{\"{o}}rn},
doi = {10.1126/scisignal.abe2740},
file = {:Users/wangm2/My Drive/Lab/Mendeley/scisignal.abe2740.pdf:pdf},
issn = {19379145},
journal = {Science Signaling},
number = {684},
pmid = {34035142},
title = {{NK cells integrate signals over large areas when building immune synapses but require local stimuli for degranulation}},
volume = {14},
year = {2021}
}

@article{Maul-Pavicic2011,
author = {Maul-Pavicic, Andrea and Chiang, Samuel C.C. and Rensing-Ehl, Anne and Jessen, Birthe and Fauriat, Cyril and Wood, Stephanie M. and Sj{\"{o}}qvist, Sebastian and Hufnagel, Markus and Schulze, Ilka and Bass, Thilo and Schamel, Wolfgang W. and Fuchs, Sebastian and Pircher, Hanspeter and McCarl, Christie Ann and Mikoshiba, Katsuhiko and Schwarz, Klaus and Feske, Stefan and Bryceson, Yenan T. and Ehl, Stephan},
doi = {10.1073/pnas.1013285108},
file = {:Users/wangm2/My Drive/Lab/Mendeley/3324.full.pdf:pdf},
issn = {00278424},
journal = {Proceedings of the National Academy of Sciences of the United States of America},
keywords = {Cytotoxic lymphocytes,Lytic granules,Perforin,Primary immunodeficiency},
number = {8},
pages = {3324--3329},
pmid = {21300876},
title = {{ORAI1-mediated calcium influx is required for human cytotoxic lymphocyte degranulation and target cell lysis}},
volume = {108},
year = {2011}
}

@article{Brownlie2013,
author = {Brownlie, Rebecca J. and Zamoyska, Rose},
doi = {10.1038/nri3403},
issn = {1474-1741},
journal = {Nature Reviews Immunology 2013 13:4},
keywords = {Immune tolerance,Signal transduction,T,T cells,cell receptor},
month = {mar},
number = {4},
pages = {257--269},
pmid = {23524462},
publisher = {Nature Publishing Group},
title = {{T cell receptor signalling networks: branched, diversified and bounded}},
url = {https://www.nature.com/articles/nri3403},
volume = {13},
year = {2013}
}

@article{Palmer2003,
author = {Palmer, Ed},
doi = {10.1038/nri1085},
file = {:Users/wangm2/My Drive/Lab/Mendeley/nri1085.pdf:pdf},
issn = {14741733},
journal = {Nature Reviews Immunology},
number = {5},
pages = {383--391},
pmid = {12766760},
title = {{Negative selection - Clearing out the bad apples from the T-cell repertoire}},
volume = {3},
year = {2003}
}

@article{Keefe2005_2,
author = {Keefe, Dennis and Shi, Lianfa and Feske, Stefan and Massol, Ramiro and Navarro, Francisco and Kirchhausen, Tomas and Lieberman, Judy},
doi = {10.1016/j.immuni.2005.08.001},
file = {:C$\backslash$:/Users/mitch/Google Drive/Lab/Mendeley/Keefe et al. - 2005 - Perforin triggers a plasma membrane-repair response that facilitates CTL induction of apoptosis.pdf:pdf},
isbn = {1074-7613 (Print)$\backslash$n1074-7613 (Linking)},
issn = {10747613},
journal = {Immunity},
number = {3},
pages = {249--262},
pmid = {16169498},
title = {{Perforin triggers a plasma membrane-repair response that facilitates CTL induction of apoptosis}},
volume = {23},
year = {2005}
}

@article{Liu2014,
author = {Liu, Baoyu and Chen, Wei and Evavold, Brian D. and Zhu, Cheng},
doi = {10.1016/j.cell.2014.02.053},
file = {:C$\backslash$:/Users/mitch/Desktop/mmc6.pdf:pdf},
issn = {10974172},
journal = {Cell},
number = {2},
pages = {357--368},
publisher = {Elsevier Inc.},
title = {{Accumulation of dynamic catch bonds between TCR and agonist peptide-MHC triggers T cell signaling}},
url = {http://dx.doi.org/10.1016/j.cell.2014.02.053},
volume = {157},
year = {2014}
}

@article{Heidegger1962,
archivePrefix = {arXiv},
arxivId = {arXiv:1011.1669v3},
author = {Heidegger, Martin},
booktitle = {Sein und Zeit},
eprint = {arXiv:1011.1669v3},
file = {:C$\backslash$:/Users/mitch/Google Drive/Lab/Mendeley/Heidegger-Martin-Being-and-Time-trans.-Macquarrie-Robinson-Blackwell-1962.pdf:pdf},
isbn = {0060638508},
issn = {1080-6598},
pages = {114--129},
pmid = {3522647},
title = {{Sein und Zeit}},
year = {1927}
}

@article{Rak2011,
author = {Rak, Gregory D. and Mace, Emily M. and Banerjee, Pinaki P. and Svitkina, Tatyana and Orange, Jordan S.},
doi = {10.1371/journal.pbio.1001151},
file = {:C$\backslash$:/Users/mitch/Google Drive/Lab/Mendeley/file.pdf:pdf},
isbn = {1545-7885 (Electronic) 1544-9173 (Linking)},
issn = {15449173},
journal = {PLoS Biology},
number = {9},
pmid = {21931536},
title = {{Natural Killer cell lytic granule secretion occurs through a pervasive actin network at the immune synapse}},
volume = {9},
year = {2011}
}

@article{Alam2007,
author = {Alam, Uzma},
file = {:Users/wangm2/My Drive/Lab/Mendeley/yjbm_80_3_137.pdf:pdf},
isbn = {9780199206148},
issn = {1551-4056},
journal = {The Yale Journal of Biology and Medicine},
keywords = {computer science,disease,distraction,immune system,immunity,pathology,ranging,text mining,vaccination},
number = {3},
pages = {137--137},
title = {{Immunity: The Immune Response to Infectious and Inflammatory Disease}},
volume = {80},
year = {2007}
}

@article{Yu2013,
author = {Yu, Yan and Smoligovets, Alexander A. and Groves, Jay T.},
doi = {10.1242/jcs.098210},
file = {:C$\backslash$:/Users/mitch/Google Drive/Lab/Mendeley/2222.pdf:pdf},
issn = {00219533},
journal = {Journal of Cell Science},
keywords = {Actin,Antigen-presenting cell,Immunological synapse,Membrane spatial organization,Microcluster,T cell activation,T cell receptor},
number = {5},
pages = {1049--1058},
pmid = {23620508},
title = {{Modulation of t cell signaling by the actin cytoskeleton}},
volume = {126},
year = {2013}
}

@article{Stinchcombe2006,
author = {Stinchcombe, Jane C. and Majorovits, Endre and Bossi, Giovanna and Fuller, Stephen and Griffiths, Gillian M.},
doi = {10.1038/nature05071},
file = {::},
isbn = {1476-4687 (Electronic)$\backslash$r0028-0836 (Linking)},
issn = {14764687},
journal = {Nature},
number = {7110},
pages = {462--465},
pmid = {17006514},
title = {{Centrosome polarization delivers secretory granules to the immunological synapse}},
volume = {443},
year = {2006}
}

@article{Quann2009,
author = {Quann, E J and Merino, E and Furuta, T and Huse, M},
doi = {ni.1734 [pii]\r10.1038/ni.1734},
file = {:C$\backslash$:/Users/mitch/AppData/Local/Mendeley Ltd./Mendeley Desktop/Downloaded/Quann et al. - 2009 - Localized diacylglycerol drives the polarization of the microtubule-organizing center in T cells.pdf:pdf},
isbn = {1529-2916 (Electronic)$\backslash$r1529-2908 (Linking)},
issn = {1529-2916},
journal = {Nat Immunol},
keywords = {*Cell Polarity,Animals,CD4-Positive T-Lymphocytes/*cytology/metabolism,Cells, Cultured,Diglycerides/*metabolism,Dyneins/metabolism,Mice,Microtubule-Organizing Center/*metabolism,Phospholipase C gamma/metabolism,Receptors, Antigen, T-Cell/metabolism,Signal Transduction,T-Lymphocytes, Helper-Inducer/*cytology/metabolism},
number = {6},
pages = {627--635},
pmid = {19430478},
title = {{Localized diacylglycerol drives the polarization of the microtubule-organizing center in T cells}},
url = {http://www.ncbi.nlm.nih.gov/entrez/query.fcgi?cmd=Retrieve{\&}db=PubMed{\&}dopt=Citation{\&}list{\_}uids=19430478{\%}5Cnhttp://www.nature.com/ni/journal/v10/n6/pdf/ni.1734.pdf},
volume = {10},
year = {2009}
}

@article{Batista2013,
author = {Batista, Facundo D. and Dustin, Michael L.},
doi = {10.1111/IMR.12025},
journal = {Immunological Reviews},
month = {jan},
number = {1},
pages = {7--12},
title = {{Cell: Cell interactions in the immune system}},
volume = {251},
year = {2013}
}

@article{Dustin2010,
author = {Dustin, Michael L. and Long, Eric O.},
doi = {10.1111/j.0105-2896.2010.00904.x},
issn = {01052896},
journal = {Immunological Reviews},
keywords = {Actin,Activation,Adhesion,Cytotoxicity,Microscopy,Synapse},
number = {1},
pages = {24--34},
pmid = {20536553},
title = {{Cytotoxic immunological synapses}},
volume = {235},
year = {2010}
}

@article{Sanchez-Ruiz2011,
author = {Sanchez-Ruiz, Yovan and Valitutti, Salvatore and Dupre, Loic},
doi = {10.1371/JOURNAL.PONE.0027057},
file = {:Users/wangm2/My Drive/Lab/Mendeley/Sanchez-Ruiz, Valitutti, Dupre - 2011 - Stepwise Maturation of Lytic Granules during Differentiation and Activation of Human CD8 T Lymph.pdf:pdf},
issn = {1932-6203},
journal = {PLOS ONE},
keywords = {Cell differentiation,Cell staining,Cloning,Cytotoxic T cells,Flow cytometry,Lysosomes,T cells,Vesicles},
month = {nov},
number = {11},
pages = {e27057},
pmid = {22073254},
publisher = {Public Library of Science},
title = {{Stepwise Maturation of Lytic Granules during Differentiation and Activation of Human CD8+ T Lymphocytes}},
url = {https://journals.plos.org/plosone/article?id=10.1371/journal.pone.0027057},
volume = {6},
year = {2011}
}

@article{Law2010,
author = {Law, Ruby H P and Lukoyanova, Natalya and Voskoboinik, Ilia and Caradoc-Davies, Tom T and Baran, Katherine and Dunstone, Michelle a and D'Angelo, Michael E and Orlova, Elena V and Coulibaly, Fass{\'{e}}li and Verschoor, Sandra and Browne, Kylie a and Ciccone, Annette and Kuiper, Michael J and Bird, Phillip I and Trapani, Joseph a and Saibil, Helen R and Whisstock, James C},
doi = {10.1038/nature09518},
file = {:Users/wangm2/My Drive/Lab/Mendeley/Law et al. - 2010 - The structural basis for membrane binding and pore formation by lymphocyte perforin.pdf:pdf},
isbn = {1476-4687 (Electronic)\r0028-0836 (Linking)},
issn = {1476-4687},
journal = {Nature},
keywords = {Animals,Cell Membrane,Cell Membrane: metabolism,Cholesterol,Cholesterol: metabolism,Cryoelectron Microscopy,Crystallography, X-Ray,Epidermal Growth Factor,Epidermal Growth Factor: chemistry,Granzymes,Granzymes: metabolism,Humans,Lymphocytes,Lymphocytes: metabolism,Mice,Models, Molecular,Pore Forming Cytotoxic Proteins,Pore Forming Cytotoxic Proteins: chemistry,Pore Forming Cytotoxic Proteins: genetics,Pore Forming Cytotoxic Proteins: metabolism,Pore Forming Cytotoxic Proteins: ultrastructure,Protein Structure, Tertiary},
number = {7322},
pages = {447--51},
pmid = {21037563},
title = {{The structural basis for membrane binding and pore formation by lymphocyte perforin.}},
url = {http://www.ncbi.nlm.nih.gov/pubmed/21037563},
volume = {468},
year = {2010}
}

@article{Cartwright2014,
author = {Cartwright, Adam N R and Griggs, Jeremy and Davis, Daniel M},
doi = {10.1038/ncomms6479},
file = {::},
isbn = {2041-1723 (Electronic) 2041-1723 (Linking)},
issn = {2041-1723},
journal = {Nature Communications},
pages = {5479},
pmid = {25407222},
publisher = {Nature Publishing Group},
title = {{The immune synapse clears and excludes molecules above a size threshold}},
url = {http://www.ncbi.nlm.nih.gov/pubmed/25407222},
volume = {5},
year = {2014}
}

@article{Keefe2005,
author = {Keefe, Dennis and Shi, Lianfa and Feske, Stefan and Massol, Ramiro and Navarro, Francisco and Kirchhausen, Tomas and Lieberman, Judy},
doi = {10.1016/j.immuni.2005.08.001},
file = {:Users/wangm2/My Drive/Lab/Mendeley/Keefe et al. - 2005 - Perforin triggers a plasma membrane-repair response that facilitates CTL induction of apoptosis.pdf:pdf},
isbn = {1074-7613 (Print)\n1074-7613 (Linking)},
issn = {10747613},
journal = {Immunity},
number = {3},
pages = {249--262},
pmid = {16169498},
title = {{Perforin triggers a plasma membrane-repair response that facilitates CTL induction of apoptosis}},
volume = {23},
year = {2005}
}

@article{Thiery2014,
author = {Thiery, Jerome and Lieberman, Judy},
doi = {10.1007/978-94-017-8881-6_10},
issn = {03060225},
journal = {Sub-Cellular Biochemistry},
keywords = {Cytotoxic T cells,Cytotoxic granules,Cytotoxicity,Familial hemophagocytic lymphohistiocytosis,Granzymes,MACPF,Natural killer cells,Perforin,Pore-forming protein},
month = {may},
pages = {197--220},
pmid = {24798013},
publisher = {Springer, Dordrecht},
title = {{Perforin: A Key Pore-Forming Protein for Immune Control of Viruses and Cancer}},
url = {https://link.springer.com/chapter/10.1007/978-94-017-8881-6_10},
volume = {80},
year = {2014}
}

@article{Ritter2015,
author = {Ritter, Alex T. and Asano, Yukako and Stinchcombe, Jane C. and Dieckmann, N. M G and Chen, Bi Chang and Gawden-Bone, C. and van Engelenburg, Schuyler and Legant, Wesley and Gao, Liang and Davidson, Michael W. and Betzig, Eric and Lippincott-Schwartz, Jennifer and Griffiths, Gillian M.},
doi = {10.1016/j.immuni.2015.04.013},
file = {::},
isbn = {1097-4180 (Electronic)\r1074-7613 (Linking)},
issn = {10974180},
journal = {Immunity},
number = {5},
pages = {864--876},
pmid = {25992860},
publisher = {Elsevier Inc.},
title = {{Actin Depletion Initiates Events Leading to Granule Secretion at the Immunological Synapse}},
url = {http://dx.doi.org/10.1016/j.immuni.2015.04.013},
volume = {42},
year = {2015}
}

@article{Basu2016,
author = {Basu, Roshni and Whitlock, Benjamin M. and Husson, Julien and {Le Floc'h}, Audrey and Jin, Weiyang and Oyler-Yaniv, Alon and Dotiwala, Farokh and Giannone, Gregory and Hivroz, Claire and Biais, Nicolas and Lieberman, Judy and Kam, Lance C. and Huse, Morgan},
doi = {10.1016/j.cell.2016.01.021},
file = {:Users/wangm2/My Drive/Lab/Mendeley/Basu et al. - 2016 - Cytotoxic T Cells Use Mechanical Force to Potentiate Target Cell Killing.pdf:pdf},
isbn = {1097-4172 (Electronic)\r0092-8674 (Linking)},
issn = {10974172},
journal = {Cell},
number = {1},
pages = {100--110},
pmid = {26924577},
publisher = {Elsevier Inc.},
title = {{Cytotoxic T Cells Use Mechanical Force to Potentiate Target Cell Killing}},
url = {http://dx.doi.org/10.1016/j.cell.2016.01.021},
volume = {165},
year = {2016}
}

@article{Tamzalit2018,
author = {Tamzalit, Fella and Wang, Mitchell S and Jin, Weiyang and Boyko, Vitaly and Heddleston, John M and Black, Charles T and Kam, Lance C and Huse, Morgan},
doi = {10.1101/443309},
file = {:Users/wangm2/My Drive/Lab/Mendeley/Tamzalit et al. - 2018 - Interfacial actin protrusions mechanically potentiate killing by cytotoxic T cells(2).pdf:pdf},
journal = {Science Immunology},
number = {March},
pages = {443309},
title = {{Interfacial actin protrusions mechanically potentiate killing by cytotoxic T cells}},
url = {https://www.biorxiv.org/content/early/2018/10/14/443309},
volume = {5445},
year = {2018}
}

@article{Stinchcombe2007,
author = {Stinchcombe, Jane C. and Griffiths, Gillian M.},
doi = {10.1146/ANNUREV.CELLBIO.23.090506.123521},
file = {:C$\backslash$:/Users/mitch/AppData/Local/Mendeley Ltd./Mendeley Desktop/Downloaded/Stinchcombe, Griffiths - 2007 - Secretory Mechanisms in Cell-Mediated Cytotoxicity.pdf:pdf},
issn = {10810706},
journal = {http://dx.doi.org/10.1146/annurev.cellbio.23.090506.123521},
keywords = {centrosome,cytotoxic T lymphocyte,immunological synapse,polarized secretion},
month = {oct},
pages = {495--517},
pmid = {17506701},
publisher = {Annual Reviews},
title = {{Secretory Mechanisms in Cell-Mediated Cytotoxicity}},
url = {https://www.annualreviews.org/doi/abs/10.1146/annurev.cellbio.23.090506.123521},
volume = {23},
year = {2007}
}

@article{Wang2009,
author = {Wang, Yang and Li, Dan and Nurieva, Roza and Yang, Justin and Sen, Mehmet and Carre{\~{n}}o, Roberto and Lu, Sijie and McIntyre, Bradley W. and Molldrem, Jeffrey J. and Legge, Glen B. and Ma, Qing},
doi = {10.1074/jbc.M807207200},
file = {:C$\backslash$:/Users/mitch/Google Drive/Lab/Mendeley/Ma{\_}LFA1{\_}activation{\_}2D7{\_}174.pdf:pdf},
issn = {00219258},
journal = {Journal of Biological Chemistry},
number = {19},
pages = {12645--12653},
pmid = {19297325},
title = {{LFA-1 affinity regulation is necessary for the activation and proliferation of naive T cells}},
volume = {284},
year = {2009}
}
